%----- BibTeX
% ----- citing database
@BOOK{andrew,
	author = "N. G. Andrew",
	title = "Stanford machine learning",
	publisher = "Stanford University",
	year = "2018",
}

@BOOK{arora2021survey,
	title={A survey of inverse reinforcement learning: Challenges, methods and progress},
	author={Arora, Saurabh and Doshi, Prashant},
	journal={Artificial Intelligence},
	volume={297},
	pages={103500},
	year={2021},
	publisher={Elsevier}
}